<collection xmlns="http://www.loc.gov/MARC21/slim"><record><leader>00820nam  2200241   450</leader><controlfield tag="001">70</controlfield><controlfield tag="003">http://montalegre.opacnet.com/OPAC/default.aspx?ContentAreaControl=ShowRegHoldings.ascx&amp;RegNo=16662</controlfield><controlfield tag="005">20</controlfield><datafield tag="095" ind1=" " ind2=" "><subfield code="a">PTBN00211187</subfield></datafield><datafield tag="100" ind1=" " ind2=" "><subfield code="a">20061013d1975    c  y0pory010305  ba</subfield></datafield><datafield tag="101" ind1="1" ind2=" "><subfield code="a">por</subfield><subfield code="c">fre</subfield></datafield><datafield tag="102" ind1=" " ind2=" "><subfield code="a">PT</subfield></datafield><datafield tag="200" ind1="1" ind2=" "><subfield code="a">&lt;A &gt;morte do cavalinho</subfield><subfield code="f">Hervé Bazin</subfield><subfield code="g">trad. António Vítor Ramos Rosa</subfield></datafield><datafield tag="210" ind1=" " ind2=" "><subfield code="a">Lisboa</subfield><subfield code="c">Associados</subfield><subfield code="d">[D.L. 1975]</subfield></datafield><datafield tag="215" ind1=" " ind2=" "><subfield code="a">247, [8] p.</subfield><subfield code="d">19 cm</subfield></datafield><datafield tag="225" ind1="2" ind2=" "><subfield code="a">Biblioteca universal unibolso</subfield><subfield code="v">101)</subfield></datafield><datafield tag="304" ind1=" " ind2=" "><subfield code="a">Tít. orig.: La mort du petit cheval</subfield></datafield><datafield tag="675" ind1=" " ind2=" "><subfield code="a">821</subfield><subfield code="v">BN</subfield><subfield code="z">por</subfield></datafield><datafield tag="700" ind1=" " ind2="1"><subfield code="a">Bazin</subfield><subfield code="b">Hervé</subfield></datafield><datafield tag="702" ind1=" " ind2="1"><subfield code="a">Rosa</subfield><subfield code="b">António Ramos</subfield><subfield code="f">1924</subfield><subfield code="4">730</subfield></datafield><datafield tag="801" ind1=" " ind2="0"><subfield code="a">PT</subfield><subfield code="b">Biblioteca Municipal de Montalegre</subfield><subfield code="g">RPC</subfield></datafield><datafield tag="856" ind1=" " ind2=" "><subfield code="u">locateMedia.asp?cod=20060508135745&amp;ext=jpg</subfield><subfield code="z">CAPA</subfield></datafield><datafield tag="909" ind1="&#9;" ind2=" "><subfield code="a">2</subfield></datafield><datafield tag="966" ind1=" " ind2=" "><subfield code="a">0008361</subfield><subfield code="l">BMM</subfield><subfield code="s">SCG 821 BAZ mor 101</subfield></datafield><datafield tag="966" ind1=" " ind2=" "><subfield code="a">1002935</subfield><subfield code="l">BEM</subfield><subfield code="s">BEM 821.1/.8 BAZ</subfield></datafield></record></collection>